<?xml version='1.0' encoding='utf-8'?>
<record xmlns="http://www.loc.gov/MARC21/slim" xmlns:xsi="http://www.w3.org/2001/XMLSchema-instance">
  <leader>00000cgm^a2200445^a^45x0</leader>
  <controlfield tag="001">004752376</controlfield>
  <controlfield tag="005">20060707151610.0</controlfield>
  <controlfield tag="007">vd^cvaizk</controlfield>
  <controlfield tag="008">040714s2004^^^^cau056^g^^^^^^^^^^vleng^d</controlfield>
  <datafield tag="024" ind1="1" ind2=" ">
    <subfield code="a">014381244922</subfield>
  </datafield>
  <datafield tag="028" ind1="4" ind2="2">
    <subfield code="a">ID2449UUDVD</subfield>
    <subfield code="b">Image Entertainment</subfield>
  </datafield>
  <datafield tag="035" ind1=" " ind2=" ">
    <subfield code="a">(OCoLC)ocm55944770</subfield>
  </datafield>
  <datafield tag="040" ind1=" " ind2=" ">
    <subfield code="a">TEFMT</subfield>
    <subfield code="c">TEFMT</subfield>
    <subfield code="d">TEF</subfield>
    <subfield code="d">MiU-H</subfield>
  </datafield>
  <datafield tag="082" ind1="0" ind2="4">
    <subfield code="a">782.42166/092/2</subfield>
    <subfield code="2">22</subfield>
  </datafield>
  <datafield tag="245" ind1="0" ind2="0">
    <subfield code="a">Sonic revolution</subfield>
    <subfield code="h">[videorecording] :</subfield>
    <subfield code="b">a celebration of the MC5 /</subfield>
    <subfield code="c">Levi's Vintage Clothing celebrates Fraction Films in association with Slice, Muscle Tone Records and Blue Lagoon Media ; producer, Marek Budrynkai.</subfield>
  </datafield>
  <datafield tag="246" ind1="3" ind2="0">
    <subfield code="a">Celebration of the MC5</subfield>
  </datafield>
  <datafield tag="260" ind1=" " ind2=" ">
    <subfield code="a">Chatsworth, CA :</subfield>
    <subfield code="b">Distributed by Image Entertainment,</subfield>
    <subfield code="c">[2004]</subfield>
  </datafield>
  <datafield tag="300" ind1=" " ind2=" ">
    <subfield code="a">1 videodisc (56 min.) :</subfield>
    <subfield code="b">sd., col. ;</subfield>
    <subfield code="c">4 3/4 in. +</subfield>
    <subfield code="e">1 booklet.</subfield>
  </datafield>
  <datafield tag="538" ind1=" " ind2=" ">
    <subfield code="a">DVD, region 1, widescreen (1.78:1) presentation; Dolby Digital 5.1 surround, Dolby Digital 2.0 stereo, DTS, dual-layer.</subfield>
  </datafield>
  <datafield tag="511" ind1="1" ind2=" ">
    <subfield code="a">Wayne Kramer, Michael Davis, Dennis Thompson.</subfield>
  </datafield>
  <datafield tag="508" ind1=" " ind2=" ">
    <subfield code="a">Camera, James Cronin ... [et al.] ; editor, Marek Budrynkai.</subfield>
  </datafield>
  <datafield tag="500" ind1=" " ind2=" ">
    <subfield code="a">Originally released in 2003.</subfield>
  </datafield>
  <datafield tag="518" ind1=" " ind2=" ">
    <subfield code="a">Recorded, live at London's 100 Club in March 2003.</subfield>
  </datafield>
  <datafield tag="521" ind1="8" ind2=" ">
    <subfield code="a">MPAA rating: Not rated.</subfield>
  </datafield>
  <datafield tag="520" ind1=" " ind2=" ">
    <subfield code="a">In March 2003 the surviving members of counterculture band MC5 reunite for a concert. Includes concert footage and a documentary about the band.</subfield>
  </datafield>
  <datafield tag="505" ind1="0" ind2="0">
    <subfield code="t">Skunk (Sonicly speaking) --</subfield>
    <subfield code="t">Gotta keep movin' --</subfield>
    <subfield code="t">Shakin' street --</subfield>
    <subfield code="t">Tonight --</subfield>
    <subfield code="t">Looking at you --</subfield>
    <subfield code="t">High school --</subfield>
    <subfield code="t">Poison --</subfield>
    <subfield code="t">The American ruse --</subfield>
    <subfield code="t">Rocket reducer No. 62 (Rama lama fa-fa-fa) --</subfield>
    <subfield code="t">Sister Anne --</subfield>
    <subfield code="t">Ramblin' Rose --</subfield>
    <subfield code="t">Kick out the jams (promotional film by John and Leni Sinclair)</subfield>
  </datafield>
  <datafield tag="500" ind1=" " ind2=" ">
    <subfield code="a">Special features: the documentary; behind-the-scenes; the bonus archives.</subfield>
  </datafield>
  <datafield tag="610" ind1="2" ind2="0">
    <subfield code="a">MC5 (Musical group)</subfield>
  </datafield>
  <datafield tag="650" ind1=" " ind2="0">
    <subfield code="a">Rock groups.</subfield>
  </datafield>
  <datafield tag="650" ind1=" " ind2="0">
    <subfield code="a">Rock musicians.</subfield>
  </datafield>
  <datafield tag="650" ind1=" " ind2="0">
    <subfield code="a">Rock music.</subfield>
  </datafield>
  <datafield tag="655" ind1=" " ind2="0">
    <subfield code="a">Documentary films.</subfield>
  </datafield>
  <datafield tag="655" ind1=" " ind2="7">
    <subfield code="a">DVDs.</subfield>
    <subfield code="2">aat</subfield>
    <subfield code="5">MiU-H</subfield>
  </datafield>
  <datafield tag="700" ind1="1" ind2=" ">
    <subfield code="a">Kramer, Wayne.</subfield>
  </datafield>
  <datafield tag="700" ind1="1" ind2=" ">
    <subfield code="a">Davis, Michael.</subfield>
  </datafield>
  <datafield tag="700" ind1="1" ind2=" ">
    <subfield code="a">Thompson, Dennis.</subfield>
  </datafield>
  <datafield tag="700" ind1="1" ind2=" ">
    <subfield code="a">Cronin, James E.</subfield>
  </datafield>
  <datafield tag="700" ind1="1" ind2=" ">
    <subfield code="a">Sinclair, John,</subfield>
    <subfield code="d">1941-</subfield>
  </datafield>
  <datafield tag="700" ind1="1" ind2=" ">
    <subfield code="a">Sinclair, Leni.</subfield>
  </datafield>
  <datafield tag="710" ind1="2" ind2=" ">
    <subfield code="a">Image Entertainment (Firm)</subfield>
  </datafield>
  <datafield tag="730" ind1="0" ind2=" ">
    <subfield code="a">MC 5 live : kick out the jams.</subfield>
  </datafield>
  <datafield tag="852" ind1="8" ind2=" ">
    <subfield code="a">MiU-H</subfield>
    <subfield code="b">BENT</subfield>
    <subfield code="h">05139 Aa 2</subfield>
  </datafield>
  <datafield tag="997" ind1=" " ind2=" ">
    <subfield code="a">MARS</subfield>
  </datafield>
  <datafield tag="955" ind1=" " ind2=" ">
    <subfield code="b">BENT</subfield>
    <subfield code="p">B2436566</subfield>
  </datafield>
</record>
